@misc{aharon2022bot,
  doi = {10.48550/ARXIV.2206.14651},
  url = {https://arxiv.org/abs/2206.14651},
  author = {Aharon,  Nir and Orfaig,  Roy and Bobrovsky,  Ben-Zion},
  keywords = {Computer Vision and Pattern Recognition (cs.CV),  FOS: Computer and information sciences,  FOS: Computer and information sciences},
  title = {BoT-SORT: Robust Associations Multi-Pedestrian Tracking},
  publisher = {arXiv},
  year = {2022},
  copyright = {arXiv.org perpetual,  non-exclusive license}
}

@article{du2023strongsort,
    title = {Strongsort: Make deepsort great again},
    author = {Du, Yunhao and Zhao, Zhicheng and Song, Yang and Zhao, Yanyun and
              Su, Fei and Gong, Tao and Meng, Hongying},
    journal = {IEEE Transactions on Multimedia},
    volume = {25},
    pages = {8725--8737},
    year = {2023},
    publisher = {IEEE},
}

@inproceedings{zhang2022bytetrack,
    title = {Bytetrack: Multi-object tracking by associating every detection box
             },
    author = {Zhang, Yifu and Sun, Peize and Jiang, Yi and Yu, Dongdong and Weng
              , Fucheng and Yuan, Zehuan and Luo, Ping and Liu, Wenyu and Wang,
              Xinggang},
    booktitle = {European conference on computer vision},
    pages = {1--21},
    year = {2022},
    organization = {Springer},
}

@inproceedings{cao2023observation,
    title = {Observation-centric sort: Rethinking sort for robust multi-object
             tracking},
    author = {Cao, Jinkun and Pang, Jiangmiao and Weng, Xinshuo and Khirodkar,
              Rawal and Kitani, Kris},
    booktitle = {Proceedings of the IEEE/CVF conference on computer vision and
                 pattern recognition},
    pages = {9686--9696},
    year = {2023},
}

@inproceedings{Maggiolino2023,
  title = {Deep OC-Sort: Multi-Pedestrian Tracking by Adaptive Re-Identification},
  url = {http://dx.doi.org/10.1109/ICIP49359.2023.10222576},
  DOI = {10.1109/icip49359.2023.10222576},
  booktitle = {2023 IEEE International Conference on Image Processing (ICIP)},
  publisher = {IEEE},
  author = {Maggiolino,  Gerard and Ahmad,  Adnan and Cao,  Jinkun and Kitani,  Kris},
  year = {2023},
  month = oct,
  pages = {3025-3029}
}

@inproceedings{stadler2023improved,
    title = {An improved association pipeline for multi-person tracking},
    author = {Stadler, Daniel and Beyerer, J{\"u}rgen},
    booktitle = {Proceedings of the IEEE/CVF Conference on Computer Vision and
                 Pattern Recognition},
    pages = {3170--3179},
    year = {2023},
}

@article{dendorfer2021motchallenge,
    title = {Motchallenge: A benchmark for single-camera multiple target
             tracking},
    author = {Dendorfer, Patrick and Osep, Aljosa and Milan, Anton and Schindler
              , Konrad and Cremers, Daniel and Reid, Ian and Roth, Stefan and
              Leal-Taix{\'e}, Laura},
    journal = {International Journal of Computer Vision},
    volume = {129},
    pages = {845--881},
    year = {2021},
    publisher = {Springer},
}

@article{luiten2021hota,
    title = {Hota: A higher order metric for evaluating multi-object tracking},
    author = {Luiten, Jonathon and Osep, Aljosa and Dendorfer, Patrick and Torr,
              Philip and Geiger, Andreas and Leal-Taix{\'e}, Laura and Leibe,
              Bastian},
    journal = {International journal of computer vision},
    volume = {129},
    pages = {548--578},
    year = {2021},
    publisher = {Springer},
}

@article{bernardin2008evaluating,
    title = {Evaluating multiple object tracking performance: the clear mot
             metrics},
    author = {Bernardin, Keni and Stiefelhagen, Rainer},
    journal = {EURASIP Journal on Image and Video Processing},
    volume = {2008},
    pages = {1--10},
    year = {2008},
    publisher = {Springer},
}

@inproceedings{ristani2016performance,
    title = {Performance measures and a data set for multi-target, multi-camera
             tracking},
    author = {Ristani, Ergys and Solera, Francesco and Zou, Roger and Cucchiara,
              Rita and Tomasi, Carlo},
    booktitle = {European conference on computer vision},
    pages = {17--35},
    year = {2016},
    organization = {Springer},
}